@misc{wikipedia-contributors-2023,
	author = {Wikipedia contributors},
	month = {12},
	title = {{Numerical analysis}},
	year = {2023},
	url = {https://en.wikipedia.org/wiki/Numerical_analysis},
}

@misc{ogwo,
	author = {Ogwo, D. Omale P.B. Ojih, M.O.},
	title = {{MATHEMATICAL ANALYSIS OF STIFF AND NON-STIFF INITIAL VALUE PROBLEMS OF ORDINARY DIFFERENTIAL EQUATION USING MATLAB}},
    month        = {9},
    year         = {2014},
	url = {https://www.ijser.org/paper/MATHEMATICAL-ANALYSIS-OF-STIFF-AND-NON-STIFF-INITIAL-VALUE.html},
}

@incollection{lambert1977,
  author    = {Lambert, J. D.},
  title     = {The initial value problem for ordinary differential equations},
  booktitle = {The State of the Art in Numerical Analysis},
  editor    = {Jacobs, D.},
  year      = {1977},
  pages     = {451--501},
  publisher = {Academic Press},
  address   = {New York}
}


@misc{unknown-author-no-date,
    author = {Mathworks Inc},
	title = {{Solve Stiff ODEs -MATLAB and Simulink}},
	url = {https://www.mathworks.com/help/matlab/math/solve-stiff-odes.html},
    year         = {2023},
    month        = {12},
}

@online{wiki-bvp,
  title     = {Boundary Value Problem},
  author    = {Wikipedia contributors},
  year      = {2024},
  url       = {https://en.wikipedia.org/wiki/Boundary_value_problem},
  note      = {Accessed: January 3, 2024}
}

@incollection{isibor-2020,
	author = {Isibor, Uwaifo Nelson},
	
	month = {1},
	
	pages = {224--252},
	title = {{Third derivative block hybrid Obrechkoff method for Numerical solution of stiff initial value problems}},
	
	year = {2020},

	url = {Lagos},
}