@incollection{lambert1977,
  author    = {Lambert, J. D.},
  title     = {The initial value problem for ordinary differential equations},
  booktitle = {The State of the Art in Numerical Analysis},
  editor    = {Jacobs, D.},
  year      = {1977},
  pages     = {451--501},
  publisher = {Academic Press},
  address   = {New York}
}

@article{Enright1975,
  author  = {Enright, W. H. and Hull, T. E. and Lindberg, B.},
  title   = {Comparing numerical methods for stiff systems of O.D.E:s},
  journal = {BIT Numerical Mathematics},
  year    = {1975},
  volume  = {15},
  number  = {1},
  pages   = {10--48},
  doi     = {10.1007/BF01932994},
  issn    = {1572-9125},
  url     = {https://doi.org/10.1007/BF01932994},
}


@article{BYRNE1977125,
  title   = {A comparison of two ODE codes: GEAR and EPISODE},
  journal = {Computers \& Chemical Engineering},
  volume  = {1},
  number  = {2},
  pages   = {125--131},
  year    = {1977},
  issn    = {0098-1354},
  doi     = {10.1016/0098-1354(77)80018-5},
  url     = {https://www.sciencedirect.com/science/article/pii/0098135477800185},
  author  = {George D. Byrne and Alan C. Hindmarsh and Kenneth R. Jackson and H. Gordon Brown},
  
}

@article{Yatim2013,
  author  = {S. A. M. Yatim and Z. B. Ibrahim and K. I. Othman and M. B. Suleiman},
  title   = {A Numerical Algorithm for Solving Stiff Ordinary Differential Equations},
  journal = {Mathematical Problems in Engineering},
  volume  = {2013},
  pages   = {Article ID 989381, 11},
  year    = {2013},
  doi     = {10.1155/2013/989381},
  url     = {https://doi.org/10.1155/2013/989381},
}



  @misc{ enwiki:1166346639,
    author = "{Wikipedia contributors}",
    title = "Collocation method --- {Wikipedia}{,} The Free Encyclopedia",
    year = "2023",
    url = "https://en.wikipedia.org/w/index.php?title=Collocation_method&oldid=1166346639",
    note = "[Online; accessed 14-January-2024]"
  }